%%%%%%%%%%%%%%%%%%%%%%%%%%%%%%%%%%%%%%%%%%%%%%%%%%%%%%%%%%%%%%%%%%%%%%%
% ΠΡΟΣΟΧΗ:
%%%%%%%%%%%%%%%%%%%%%%%%%%%%%%%%%%%%%%%%%%%%%%%%%%%%%%%%%%%%%%%%%%%%%%%
% Οι δηλώσεις των εγγραφών να γίνονται με πεζούς χαρακτήρες
% π.χ. book και όχι BOOK
%%%%%%%%%%%%%%%%%%%%%%%%%%%%%%%%%%%%%%%%%%%%%%%%%%%%%%%%%%%%%%%%%%%%%%%

@article{McKinney2020,
   author = {S. McKinney and M. Sieniek and V. Godbole and \textgreek{συν}},
   doi = {10.1038/s41586-019-1799-6},
   issn = {0028-0836},
   issue = {7788},
   journal = {Nature},
   month = {1},
   pages = {89-94},
   title = {International evaluation of an AI system for breast cancer screening},
   volume = {577},
   year = {2020},
}

@article{Esteva2017,
   author = {A. Esteva and B. Kuprel and R. Novoa and \textgreek{συν}},
   doi = {10.1038/nature21056},
   issn = {0028-0836},
   issue = {7639},
   journal = {Nature},
   month = {2},
   pages = {115-118},
   title = {Dermatologist-level classification of skin cancer with deep neural networks},
   volume = {542},
   year = {2017},
}
@article{Chen2023,
   author = {L. Chen and B. Han and \textgreek{συν}},
   doi = {10.3390/app132112019},
   issn = {2076-3417},
   issue = {21},
   journal = {Applied Sciences},
   month = {11},
   pages = {12019},
   title = {Machine Learning Methods in Weather and Climate Applications: A Survey},
   volume = {13},
   year = {2023},
}


% Άρθρα σε διεθνή επιστημονικά συνέδρια

@inproceedings{Ilas2020,
  author = {M. Ilas and C. Ilas},
  title = {Towards real-time and real-life image classification and detection using CNN: a review of practical applications requirements, algorithms, hardware and current trends},
  booktitle = {2020 IEEE 26th International Symposium for Design and Technology in Electronic Packaging (SIITME)},
  year = {2020},
  address = {IEEE},
  month = {10}
}

%%%%%%%%%%%%%%%%%%%%%%%%%%%%%%%%%%%%%%%%%%%%%%%%%%%%%%%%%%%%%%
%%%%%%%%%%%%%%%%%%%%%%%%%%%%%%%%%%%%%%%%%%%%%%%%%%%%%%%%%%%%%%%%%%%%%%%
% ΠΡΟΣΟΧΗ:
%%%%%%%%%%%%%%%%%%%%%%%%%%%%%%%%%%%%%%%%%%%%%%%%%%%%%%%%%%%%%%%%%%%%%%%
% Οι δηλώσεις των εγγραφών να γίνονται με πεζούς χαρακτήρες
% π.χ. book και όχι BOOK
%%%%%%%%%%%%%%%%%%%%%%%%%%%%%%%%%%%%%%%%%%%%%%%%%%%%%%%%%%%%%%%%%%%%%%%

% Βιβλία Ξενόγλωσσα
@book{goossens93,
    author    = "M. Goossens and F. Mittelbach and A. Samarin",
    title     = "The LaTeX Companion",
    year      = "1993",
    publisher = "Addison-Wesley",
    address   = "Reading, Massachusetts",
    edition = "9"
}

% Βιβλία Ελληνικά
@book{greekbook,
    author    = "\textgreek{Ι. Κάβουρας}",
    title     = "\textgreek{Συστήματα Υπολογιστών}",
    year      = "1991",
    publisher = "\textgreek{Κλειδάριθμος}",
    address   = "\textgreek{Αθήνα}",
    edition = "3"
}

% Άρθρα σε διεθνή επιστημονικά περιοδικά
@article{LiArTs13,
  author = {J. Liaperdos and A. Arapoyanni and Y. Tsiatouhas},
  year = 2013,
  month={sep},
  title = {Adjustable {RF} Mixers' Alternate Test Efficiency Optimization by
          the Reduction of Test Observables},
  journal = {{IEEE} Transactions on Computer-Aided Design of Integrated
            Circuits and Systems},
  volume = 32,
  number = 9,
  pages = {1383-1394}
}

% Άρθρα σε διεθνή επιστημονικά συνέδρια
@inproceedings{dcis2011,
  author = {I. Liaperdos and L. Dermentzoglou and A. Arapoyanni and Y. Tsiatouhas},
  title = {Fault Detection in {RF} Mixers Combining Defect-Oriented and Alternate Test Strategies},
  booktitle = {26th Conference on Design of Circuits and Integrated Systems (DCIS)},
  year = {2011},
  address = {San Sebastian, Spain},
  month = {nov}
}

% Ιστοσελίδες
@misc{LaTeXProject,
  title = {{LaTeX} Project},
  howpublished = {\url{http://www.latex-project.org}},
  note = {\textgreek{Ημερομηνία πρόσβασης}: 13-11-2014}
}

% Πτυχιακές Εργασίες
@ptychionthesis{elli05,
  author =       "\textgreek{Ε. Ανδρουλάκη}",
  title =        "\textgreek{Υλοποίηση Ενεργού Μηχανισμού σε Σύστημα Ομότιμων Βάσεων}",
  school =  "KDBS Lab, \textgreek{Εθνικό Μετσόβιο Πολυτεχνείο}",
  year =         "2005",
  month =        "jul"
}

% Διπλωματικές Εργασίες
@diplomathesis{zoi04,
  author =       "\textgreek{Ζ. Καούδη}",
  title =        "\textgreek{Πρότυπο Σύστημα Αποθήκευσης και Διαχείρισης Σχημάτων \en{RDFS}}",
  school =  "\textgreek{Εθνικό Μετσόβιο Πολυτεχνείο}",
  year =         "2004",
  month =        "jul"
}

% Μεταπτυχιακές Διπλωματικές Εργασίες
@mastersthesis{master04,
  author =       "\textgreek{Ζ. Λάσκαρη}",
  title =        "\textgreek{Κοινωνική Ανάλυση των Ταινιών της \en{Finos Films}}",
  school =  "\textgreek{Εθνικό Μετσόβιο Πολυτεχνείο}",
  year =         "2012",
  month =        "aug"
}

% Διδακτορικές Διατριβές
@phdthesis{phd045,
  author =       "\textgreek{Ζ. Κουρούκλη}",
  title =        "\textgreek{Κατανεμημένα Συστήματα}",
  school =  "\textgreek{ΤΕΙ Πελοποννήσου}",
  year =         "2013",
  month =        "dec"
}

% Τεχνικές Αναφορές
@techreport{MSU-CSE-05-29,
  author =        {J. Gao, H. Cheng and P.-N. Tan},
  title =         {A Framework for Incorporating Labeled Examples into Anomaly Detection},
  number =        {\textlatin{MSU-CSE-05-29}},
  institution =   {Department of Computer Science, Michigan State University},
  address=       {East Lansing, Michigan},
  year  =         {2005}
}

% Διπλώματα Ευρεσιτεχνίας (πατέντες)
@patent{viswanathan2014convenient,
  author={Viswanathan, P. and Winner, G. and Vyas, P.},
  title={Convenient Provisioning of Embedded Devices with WiFi Capability},
  number =        {\textlatin{US Patent 8,665,744}},
  year  =         {2014},
institution = {viswa}
}

